@misc{bisi1,
  title = {BI-SI1},
  url = {https://moodle-vyuka.cvut.cz/mod/page/view.php?id=202607},
  urldate = {2023-03-26},
  organization = {idp2.civ.cvut.cz}
}

@misc{darinpope_2019_devops,
  author = {Darin Pope , Darin},
  month = {05},
  title = {DevOps Paradox 2: Why is everyone so crazy about kubernetes?},
  url = {https://www.devopsparadox.com/episodes/why-is-everyone-so-crazy-about-kubernetes-2/},
  year = {2019}
}

@misc{pandey_2022_12,
  author = {Pandey, Mohit},
  month = {10},
  title = {12 Most Popular Open-Source Projects on GitHub},
  url = {https://analyticsindiamag.com/12-most-popular-open-source-projects-on-github/},
  urldate = {2023-03-26},
  year = {2022},
  organization = {Analytics India Magazine}
}

@misc{betz_2019_understanding,
  author = {Betz, Mark},
  month = {09},
  title = {Understanding kubernetes networking: pods},
  url = {https://medium.com/@betz.mark/understanding-kubernetes-networking-pods-7117dd28727},
  urldate = {2023-03-26},
  year = {2019}
}

@misc{betz_2022_understanding,
  author = {Betz, Mark},
  month = {12},
  title = {Understanding kubernetes networking: ingress},
  url = {https://medium.com/@betz.mark/understanding-kubernetes-networking-ingress-1bc341c84078},
  urldate = {2023-03-26},
  year = {2022}
}

@misc{betz_2022_understanding,
  author = {Betz, Mark},
  month = {12},
  title = {Understanding kubernetes networking: services},
  url = {https://medium.com/@betz.mark/understanding-kubernetes-networking-services-f0cb48e4cc82},
  urldate = {2023-03-26},
  year = {2022}
}

@misc{nathani_2020_how,
  author = {Nathani, Ronak},
  month = {08},
  title = {How a Kubernetes Pod Gets an IP Address},
  url = {https://ronaknathani.com/blog/2020/08/how-a-kubernetes-pod-gets-an-ip-address/},
  year = {2020}
}

@misc{velichko_2020_container,
  author = {Velichko, Ivan},
  month = {10},
  title = {Container Networking Is Simple!},
  url = {https://iximiuz.com/en/posts/container-networking-is-simple/},
  urldate = {2023-03-26},
  year = {2020},
  organization = {Learning Containers, Kubernetes, and Backend Development with Ivan Velichko}
}

@misc{velichko_2021_containers,
  author = {Velichko, Ivan},
  month = {10},
  title = {Containers vs. Pods - Taking a Deeper Loo},
  url = {https://iximiuz.com/en/posts/containers-vs-pods/},
  year = {2021},
  organization = {Learning Containers, Kubernetes, and Backend Development with Ivan Velichko}
}

@misc{yamamoto_2020_introducing,
  author = {Yamamoto, Hirotaka},
  month = {11},
  title = {Introducing Coil v2, a Kubernetes network plugin to build Egress gateway},
  url = {https://blog.kintone.io/entry/coilv2},
  urldate = {2023-03-27},
  year = {2020},
  organization = {Kintone Engineering Blog}
}

@misc{a2022_cluster,
  month = {01},
  title = {Cluster Networking},
  url = {https://kubernetes.io/docs/concepts/cluster-administration/networking/},
  year = {2022},
  organization = {Kubernetes}
}

@misc{a2022_ingress,
  month = {12},
  title = {Ingress},
  url = {https://kubernetes.io/docs/reference/kubernetes-api/service-resources/ingress-v1/},
  urldate = {2023-03-27},
  year = {2022},
  organization = {Kubernetes}
}

@misc{a2022_kubernetes,
  month = {10},
  title = {Kubernetes Components},
  url = {https://kubernetes.io/docs/concepts/overview/components/},
  year = {2022},
  organization = {Kubernetes}
}

@misc{a2022_network,
  month = {12},
  title = {Network Policies},
  url = {https://kubernetes.io/docs/concepts/services-networking/network-policies},
  year = {2022},
  organization = {Kubernetes}
}

@misc{a2023_container,
  month = {03},
  title = {Container Runtimes},
  url = {https://kubernetes.io/docs/setup/production-environment/container-runtimes/},
  year = {2023},
  organization = {Kubernetes}
}

@misc{a2023_ingress,
  month = {02},
  title = {Ingress},
  url = {https://kubernetes.io/docs/concepts/services-networking/ingress/},
  year = {2023},
  organization = {Kubernetes}
}

@misc{a2023_service,
  month = {03},
  title = {Service},
  url = {https://kubernetes.io/docs/concepts/services-networking/service/},
  year = {2023},
  organization = {Kubernetes}
}

@misc{a2022_image,
  month = {09},
  publisher = {Open Container Initiative},
  title = {Image Format Specification},
  url = {https://github.com/opencontainers/image-spec/blob/main/spec.md},
  year = {2022},
  organization = {GitHub}
}

@misc{a2022_open,
  month = {07},
  publisher = {Open Container Initiative},
  title = {Open Container Initiative Runtime Specification},
  url = {https://github.com/opencontainers/runtime-spec/blob/main/style.md},
  year = {2022},
  organization = {GitHub}
}

@misc{a2023_container,
  month = {09},
  title = {Container Network Interface (CNI) Specification},
  url = {https://github.com/containernetworking/cni/blob/main/SPEC.md},
  year = {2023},
  organization = {GitHub}
}

@misc{a2023_open,
  month = {05},
  publisher = {Open Container Initiative},
  title = {Open Container Initiative Distribution Specification},
  url = {https://github.com/opencontainers/distribution-spec/blob/main/spec.md},
  year = {2023},
  organization = {GitHub}
}

@misc{about,
  title = {About the open container initiative - open container initiative},
  url = {https://opencontainers.org/about/overview/},
  organization = {opencontainers.org}
}

@misc{a2019_what,
  month = {08},
  title = {What is orchestration?},
  url = {https://www.redhat.com/en/topics/automation/what-is-orchestration},
  year = {2019},
  organization = {www.redhat.com}
}

@misc{a2023_rancher,
  month = {03},
  title = {Rancher Kubernetes Engine},
  url = {https://rke.docs.rancher.com/config-options/services},
  urldate = {2023-03-27},
  year = {2023},
  organization = {rke.docs.rancher.com}
}

@misc{callendrello_2019_kubernetes,
  author = {Callendrello, Casey},
  title = {Kubernetes and the CNI: Where We Are and What's Next - Casey Callendrello, CoreOS},
  url = {https://youtu.be/Vn6KYkNevBQ?t=1990},
  urldate = {2023-03-26},
  year = {2019},
  organization = {www.youtube.com}
}

@misc{goldberg_2019_workflow,
  author = {Goldberg, Joe},
  month = {08},
  title = {Workflow orchestration: An introduction},
  url = {https://www.bmc.com/blogs/workflow-orchestration/},
  year = {2019},
  organization = {DevOps Blog}
}

@misc{hertvik_2020_it,
  author = {Hertvik, Joe},
  month = {18},
  title = {IT infrastructure management: An introduction},
  url = {https://www.bmc.com/blogs/it-infrastructure-management/},
  year = {2020},
  organization = {IT Operations Blog}
}

@misc{kashin_2021_gateway,
  author = {Kashin, Michael},
  month = {08},
  title = {Gateway API},
  url = {https://www.tkng.io/ingress/gateway},
  urldate = {2023-03-26},
  year = {2021},
  organization = {The Kubernetes Networking Guide}
}

@misc{kashin_2022_cni,
  author = {Kashin, Michael},
  title = {CNI},
  url = {https://www.tkng.io/cni/},
  urldate = {2023-03-26},
  year = {2022},
  organization = {The Kubernetes Networking Guide}
}

@misc{vasilatos_2019_kubectl,
  author = {Vasilatos, Vasilis},
  title = {kubectl - How do you find the cluster \& service CIDR of a Kubernetes cluster?},
  url = {https://stackoverflow.com/a/54183373},
  urldate = {2023-03-26},
  year = {2019},
  organization = {Stack Overflow}
}

@misc{watts_2020_it,
  author = {Watts, Stephen},
  month = {09},
  title = {IT automation vs orchestration: Whatâ€™s the difference?},
  url = {https://www.bmc.com/blogs/it-orchestration-vs-automation-whats-the-difference/},
  year = {2020},
  organization = {The Business of IT Blog}
}

@book{nassimkebbani_2022_the,
  author = {Nassim Kebbani and Tylenda, Piotr and Mckendrick, Russ},
  publisher = {Packt Publishing},
  title = {The Kubernetes bible : the definitive guide to deploying and managing Kubernetes across major cloud platforms},
  year = {2022}
}

@book{poulton_2020_docker,
  author = {Poulton, Nigel},
  publisher = {Nigel Poulton},
  title = {Docker deep dive : zero to Docker in a single book},
  year = {2020}
}

@book{poulton_2022_the,
  author = {Poulton, Nigel},
  edition = {2023 Edition},
  month = {01},
  publisher = {Nigel Poulton},
  title = {The Kubernetes Book},
  year = {2022}
}

@misc{a2022_what,
  month = {11},
  title = {What Is Hardware-in-the-Loop?},
  url = {https://www.ni.com/en/solutions/transportation/hardware-in-the-loop/what-is-hardware-in-the-loop-.html},
  year = {2022},
  organization = {www.ni.com}
}

@misc{a2021_networkingbridge,
  month = {04},
  title = {networking:bridge [Wiki]},
  url = {https://wiki.linuxfoundation.org/networking/bridge},
  urldate = {2023-03-29},
  year = {2021},
  organization = {wiki.linuxfoundation.org}
}
@misc{a2022_network_namespaces7,
  month = {12},
  title = {network_namespaces(7) - Linux manual page},
  url = {https://man7.org/linux/man-pages/man7/network_namespaces.7.html},
  year = {2022},
  organization = {man7.org}
}

@misc{a2022_namespaces7,
  month = {12},
  title = {namespaces(7) - Linux manual page},
  url = {https://man7.org/linux/man-pages/man7/namespaces.7.html},
  year = {2022},
  organization = {man7.org}
}