@book{nassimkebbani_2022_the,
  author = {Nassim Kebbani and Tylenda, Piotr and Mckendrick, Russ},
  publisher = {Packt Publishing},
  title = {The Kubernetes bible : the definitive guide to deploying and managing Kubernetes across major cloud platforms},
  year = {2022}
}

@book{poulton_2022_the,
  author = {Poulton, Nigel},
  edition = {2023 Edition},
  month = {01},
  publisher = {Nigel Poulton},
  title = {The Kubernetes Book},
  year = {2022}
}

@book{poulton_2020_docker,
  author = {Poulton, Nigel},
  publisher = {Nigel Poulton},
  title = {Docker deep dive : zero to Docker in a single book},
  year = {2020}
}

@misc{velichko_2021_containers,
  author = {Velichko, Ivan},
  month = {10},
  title = {Containers vs. Pods - Taking a Deeper Loo},
  url = {https://iximiuz.com/en/posts/containers-vs-pods/},
  urldate = {2023-02-15},
  year = {2021},
  organization = {Learning Containers, Kubernetes, and Backend Development with Ivan Velichko}
}

@misc{velichko_2020_container,
  author = {Velichko, Ivan},
  month = {10},
  title = {Container Networking Is Simple!},
  url = {https://iximiuz.com/en/posts/container-networking-is-simple/},
  urldate = {2023-02-16},
  year = {2020},
  organization = {Learning Containers, Kubernetes, and Backend Development with Ivan Velichko}
}

@misc{betz_2019_understanding,
  author = {Betz, Mark},
  month = {09},
  title = {Understanding kubernetes networking: pods},
  url = {https://medium.com/@betz.mark/understanding-kubernetes-networking-pods-7117dd28727},
  urldate = {2023-02-14},
  year = {2019},
  organization = {Google Cloud - Community}
}

@misc{betz_2021_understanding,
  author = {Betz, Mark},
  month = {12},
  title = {Understanding kubernetes networking: services},
  url = {https://medium.com/@betz.mark/understanding-kubernetes-networking-services-f0cb48e4cc82},
  urldate = {2023-02-14},
  year = {2021},
  organization = {Google Cloud - Community}
}

@misc{betz_2022_understanding,
  author = {Betz, Mark},
  month = {12},
  title = {Understanding kubernetes networking: ingress},
  url = {https://medium.com/@betz.mark/understanding-kubernetes-networking-ingress-1bc341c84078},
  urldate = {2023-02-14},
  year = {2022},
  organization = {Google Cloud - Community}
}

@misc{nathani_2020_how,
  author = {Nathani, Ronak},
  month = {08},
  title = {How a Kubernetes Pod Gets an IP Address},
  url = {https://ronaknathani.com/blog/2020/08/how-a-kubernetes-pod-gets-an-ip-address/},
  urldate = {2023-03-04},
  year = {2020},
  organization = {Ronak Nathani}
}

@misc{thekubernetesauthors_2023_container,
  author = {The Authors Kubernetes},
  month = {03},
  title = {Container Runtimes},
  url = {https://kubernetes.io/docs/setup/production-environment/container-runtimes/},
  urldate = {2023-03-11},
  year = {2023},
  organization = {Kubernetes}
}

@misc{thekubernetesauthors_2022_kubernetes,
  author = {The Authors Kubernetes},
  month = {10},
  title = {Kubernetes Components},
  url = {https://kubernetes.io/docs/concepts/overview/components/},
  urldate = {2023-03-20},
  year = {2022},
  organization = {Kubernetes}
}
%editted
@misc{opencontainerinitiative_2022_distribution,
  author = {Open Container Initiative},
  month = {12},
  publisher = {Open Container Initiative},
  title = {Open Container Initiative Distribution Specification},
  url = {https://github.com/opencontainers/distribution-spec/blob/main/spec.md},
  urldate = {2023-01-03},
  year = {2022},
  organization = {GitHub}
}

@misc{opencontainerinitiative_2022_image,
  author = {Open Container Initiative},
  month = {09},
  publisher = {Open Container Initiative},
  title = {Image Format Specification},
  url = {https://github.com/opencontainers/image-spec/blob/main/spec.md},
  urldate = {2023-01-03},
  year = {2022},
  organization = {GitHub}
}

@misc{opencontainerinitiative_2022_open,
  author = {Open Container Initiative},
  month = {07},
  publisher = {Open Container Initiative},
  title = {Open Container Initiative Runtime Specification},
  url = {https://github.com/opencontainers/runtime-spec/blob/main/style.md},
  urldate = {2023-01-03},
  year = {2022},
  organization = {GitHub}
}

@misc{containernetworking_2022_container,
  author = {containernetworking},
  month = {07},
  title = {Container Network Interface (CNI) Specification},
  url = {https://github.com/containernetworking/cni/blob/main/SPEC.md},
  urldate = {2022-12-29},
  year = {2022},
  organization = {GitHub}
}

@misc{thelinuxfoundation_about,
  author = {The Linux Foundation},
  title = {About the open container initiative - open container initiative},
  url = {https://opencontainers.org/about/overview/},
  urldate = {2023-01-18},
  organization = {opencontainers.org}
}

@misc{redhat_2019_what,
  author = {Red Hat},
  month = {08},
  title = {What is orchestration?},
  url = {https://www.redhat.com/en/topics/automation/what-is-orchestration},
  urldate = {2022-12-14},
  year = {2019},
  organization = {www.redhat.com}
}

@misc{goldberg_2019_workflow,
  author = {Goldberg, Joe},
  month = {10},
  title = {Workflow orchestration: An introduction},
  url = {https://www.bmc.com/blogs/workflow-orchestration/},
  urldate = {2022-12-14},
  year = {2019},
  organization = {DevOps Blog}
}

@misc{hertvik_2020_it,
  author = {Hertvik, Joe},
  month = {08},
  title = {IT infrastructure management: An introduction},
  url = {https://www.bmc.com/blogs/it-infrastructure-management/},
  urldate = {2023-03-18},
  year = {2020},
  organization = {IT Operations Blog}
}

@misc{watts_2020_it,
  author = {Watts, Stephen},
  month = {09},
  title = {IT automation vs orchestration: What’s the difference?},
  url = {https://www.bmc.com/blogs/it-orchestration-vs-automation-whats-the-difference/},
  urldate = {2022-12-14},
  year = {2020},
  organization = {The Business of IT Blog}
}

@misc{darinpope_2019_devops,
  author = {Darin Pope , Darin},
  month = {05},
  title = {DevOps Paradox 2: Why is everyone so crazy about kubernetes?},
  url = {https://www.devopsparadox.com/episodes/why-is-everyone-so-crazy-about-kubernetes-2/},
  urldate = {2022-06-15},
  year = {2019}
}

@article{pandey_2022_12,
  author = {Pandey, Mohit},
  month = {10},
  title = {12 Most Popular Open-Source Projects on GitHub},
  url = {https://analyticsindiamag.com/12-most-popular-open-source-projects-on-github/},
  urldate = {2023-01-26},
  year = {2022},
  journal = {Analytics India Magazine}
}

@misc{kashin_2022_cni,
  author = {Kashin, Michael},
  month = {08},
  title = {CNI},
  url = {https://www.tkng.io/cni/},
  urldate = {2023-03-26},
  year = {2022},
  organization = {The Kubernetes Networking Guide}
}

@misc{cncfcloudnativecomputingfoundation_2019_kubernetes,
  author = {Cloud Native Computing Foundation},
  month = {11},
  title = {Kubernetes and the CNI: Where We Are and What's Next - Casey Callendrello, CoreOS},
  url = {https://youtu.be/Vn6KYkNevBQ?t=1990},
  urldate = {2023-03-26},
  year = {2019},
  organization = {www.youtube.com}
}

@misc{thekubernetesauthors_2022_cluster,
  author = {The Authors Kubernetes},
  month = {01},
  title = {Cluster Networking},
  url = {https://kubernetes.io/docs/concepts/cluster-administration/networking/},
  urldate = {2023-03-05},
  year = {2022},
  organization = {Kubernetes}
}

@misc{thekubernetesauthors_2023_service,
  author = {The Authors Kubernetes},
  month = {03},
  title = {Service},
  url = {https://kubernetes.io/docs/concepts/services-networking/service/},
  urldate = {2023-03-15},
  year = {2023},
  organization = {Kubernetes}
}

@misc{suserancher_2023_rancher,
  author = {SUSE Rancher},
  month = {03},
  title = {Rancher Kubernetes Engine},
  url = {https://rke.docs.rancher.com/config-options/services},
  urldate = {2023-03-27},
  year = {2023},
  organization = {rke.docs.rancher.com}
}

@misc{kashin_2021_gateway,
  author = {Kashin, Michael},
  month = {08},
  title = {Gateway API},
  url = {https://www.tkng.io/ingress/gateway},
  urldate = {2023-03-26},
  year = {2021},
  organization = {The Kubernetes Networking Guide}
}

@misc{thekubernetesauthors_2023_ingress,
  author = {The Authors Kubernetes},
  month = {02},
  title = {Ingress},
  url = {https://kubernetes.io/docs/concepts/services-networking/ingress/},
  urldate = {2023-03-16},
  year = {2023},
  organization = {Kubernetes}
}

@misc{thekubernetesauthors_2022_ingress,
  author = {The Authors Kubernetes},
  month = {12},
  title = {Ingress},
  url = {https://kubernetes.io/docs/reference/kubernetes-api/service-resources/ingress-v1/},
  urldate = {2023-03-27},
  year = {2022},
  organization = {Kubernetes}
}

@misc{yamamoto_2020_introducing,
  author = {Yamamoto, Hirotaka},
  month = {11},
  title = {Introducing Coil v2, a Kubernetes network plugin to build Egress gateway},
  url = {https://blog.kintone.io/entry/coilv2},
  urldate = {2023-03-27},
  year = {2020},
  organization = {Kintone Engineering Blog}
}

@misc{thekubernetesauthors_2022_network,
  author = {The Authors Kubernetes},
  month = {12},
  title = {Network Policies},
  url = {https://kubernetes.io/docs/concepts/services-networking/network-policies},
  urldate = {2023-03-07},
  year = {2022},
  organization = {Kubernetes}
}

@misc{thelinuxfoundation_2021_networkingbridge,
  author = {The Linux Foundation},
  month = {04},
  title = {networking:bridge [Wiki]},
  url = {https://wiki.linuxfoundation.org/networking/bridge},
  urldate = {2023-03-29},
  year = {2021},
  organization = {wiki.linuxfoundation.org}
}

@misc{thelinuxmanpagesproject_2022_network_namespaces7,
  author = {The Linux man-pages project},
  month = {12},
  title = {network\_namespaces(7) - Linux manual page},
  url = {https://man7.org/linux/man-pages/man7/network\_namespaces.7.html},
  urldate = {2023-01-20},
  year = {2022},
  organization = {man7.org}
}

@misc{thelinuxmanpagesproject_2022_namespaces7,
  author = {The Linux man-pages project},
  month = {12},
  title = {namespaces(7) - Linux manual page},
  url = {https://man7.org/linux/man-pages/man7/namespaces.7.html},
  urldate = {2023-01-20},
  year = {2022},
  organization = {man7.org}
}

@misc{thekubernetesauthors_2023_kubectl,
  author = {The Authors Kubernetes},
  month = {03},
  title = {kubectl Cheat Sheet},
  url = {https://kubernetes.io/docs/reference/kubectl/cheatsheet/},
  urldate = {2023-04-07},
  year = {2023},
  organization = {Kubernetes}
}

@misc{velichko_2020_connecting,
  author = {Velichko, Ivan},
  month = {10},
  title = {Connecting multiple network namespaces with a bridge},
  url = {https://iximiuz.com/container-networking-is-simple/router-4000-opt.png},
  urldate = {2023-04-18},
  year = {2020},
  organization = {How Container Networking Works: Practical Explanation}
}

@misc{thekubernetesauthors_2023_ingressdiagram,
  author = {The Authors Kubernetes},
  title = {ingress-diagram},
  url = {https://d33wubrfki0l68.cloudfront.net/91ace4ec5dd0260386e71960638243cf902f8206/c3c52/docs/images/ingress.svg},
  urldate = {2023-04-18},
  year = {2023},
  organization = {Kubernetes}
}

@misc{velichko_2021_kubernetes,
  author = {Velichko, Ivan},
  title = {Kubernetes pod.},
  url = {https://iximiuz.com/containers-vs-pods/pod-2000-opt.png},
  urldate = {2023-04-18},
  year = {2021},
  organization = {Containers vs. Pods - Taking a Deeper Look}
}

@misc{betz_2017_service,
  author = {Betz, Mark},
  title = {Service routing},
  url = {https://miro.medium.com/v2/resize:fit:720/format:webp/1*UetnYP8uE05GAqQD0tbtBQ.png},
  urldate = {2023-04-18},
  year = {2017},
  organization = {Understanding kubernetes networking: services}
}

@misc{betz_2017_netfilter,
  author = {Betz, Mark},
  title = {Netfilter - Service },
  url = {https://miro.medium.com/v2/resize:fit:720/format:webp/1*4XyIJ5Tdvs8f6zhLwdVt3Q.png},
  urldate = {2023-04-18},
  year = {2017},
  organization = {Understanding kubernetes networking: services}
}

@misc{k8scirobot_2020_merge,
  author = {k8s-ci-robot},
  month = {12},
  title = {Merge pull request \#97075 from adtac/apfe2e-5 · kubernetes/kubernetes@af46c47},
  url = {https://github.com/kubernetes/kubernetes/commit/af46c47ce925f4c4ad5cc8d1fca46c7b77d13b38},
  urldate = {2023-04-19},
  year = {2020},
  organization = {GitHub}
}

@misc{bigelow_2021_what,
  author = {Bigelow, Stephen},
  month = {12},
  title = {What is edge computing? Everything you need to know},
  url = {https://www.techtarget.com/searchdatacenter/definition/edge-computing},
  urldate = {2023-04-15},
  year = {2021},
  organization = {Tech Accelerator}
}

@misc{kubeedgeprojectauthors_2023_kubeedge,
  author = {KubeEdge Project Authors},
  title = {KubeEdge},
  url = {https://kubeedge.io/en/},
  urldate = {2023-04-19},
  year = {2023},
  organization = {KubeEdge}
}

@misc{ttlv_2021_servicebusgo,
  author = {ttlv},
  month = {12},
  title = {servicebus.go},
  url = {https://github.com/kubeedge/kubeedge/blob/master/edge/pkg/servicebus/servicebus.go},
  urldate = {2023-03-19},
  year = {2021},
  organization = {GitHub}
}

@misc{cncfcloudnativecomputingfoundation_2019_intro,
  author = {Cloud Native Computing Foundation},
  title = {Intro: KubeEdge - Cindy Xing, Futurewei \& Dejan Bosanac, Red Hat},
  url = {https://www.youtube.com/watch?v=pdqlANkpOMs},
  urldate = {2023-03-17},
  year = {2019},
  organization = {youtube.com}
}

@misc{cncfcloudnativecomputingfoundation_2022_intro,
  author = {Cloud Native Computing Foundation},
  title = {Intro to KubeEdge: Kubernetes Native Edge Computing Framework - Kevin Wang (Zefeng) \& Yin Ding},
  url = {https://youtu.be/XFaPZbOwgEM},
  urldate = {2023-03-19},
  year = {2022},
  organization = {youtube.com}
}
%edited
@misc{thekubernetesauthors_2022_networkPlugins,
  author = {The Authors Kubernetes},
  month = {10},
  title = {Network Plugins},
  url = {https://kubernetes.io/docs/concepts/extend-kubernetes/compute-storage-net/network-plugins/},
  urldate = {2023-03-28},
  year = {2022},
  organization = {Kubernetes}
}

@misc{woods_2018_a,
  author = {Woods, Natasha},
  month = {01},
  title = {A look back at KubeCon + CloudNativeCon North America 2017 – Part 1},
  url = {ttps://www.cncf.io/blog/2018/01/10/look-back-kubecon-cloudnativecon-north-america-2017-part-1/},
  urldate = {2023-04-07},
  year = {2018},
  organization = {Cloud Native Computing Foundation}
}

@misc{bigelow_2022_explore,
  author = {Bigelow,  Stephen},
  month = {11},
  title = {Explore network plugins for Kubernetes: CNI explained},
  url = {https://www.techtarget.com/searchitoperations/tip/Explore-network-plugins-for-Kubernetes-CNI-explained},
  urldate = {2023-04-13},
  year = {2022},
  organization = {Containers and virtualization}
}

@misc{nguyen_2017_a,
  author = {Nguyen, Tu},
  title = {A deep dive into Kubernetes controllers},
  url = {https://docs.bitnami.com/tutorials/a-deep-dive-into-kubernetes-controllers/\#controller-pattern},
  urldate = {2023-04-06},
  year = {2017},
  organization = {Understand Kubernetes Controller}
}

@misc{velichko_2021_exploring,
  author = {Velichko, Ivan},
  month = {01},
  title = {Exploring Kubernetes Operator Pattern},
  url = {https://iximiuz.com/en/posts/kubernetes-operator-pattern/},
  urldate = {2023-04-02},
  year = {2021},
  organization = {Learning Containers, Kubernetes, and Backend Development}
}

@misc{velichko_2021_learning,
  author = {Velichko, Ivan},
  month = {11},
  title = {Learning Containers From The Bottom Up},
  url = {https://iximiuz.com/en/posts/container-learning-path/},
  urldate = {2023-03-13},
  year = {2021},
  organization = {Learning Containers, Kubernetes, and Backend Development}
}

@phdthesis{kaplan_2022_argocd,
  author = {Kaplan, Věroš},
  month = {06},
  title = {ArgoCD: GitOps v Kubernetes},
  year = {2022}
}

@misc{bhler_2021_kubeops,
  author = {Bühler, Christoph},
  title = {KubeOps - Kubernetes Operator SDK},
  url = {https://buehler.github.io/dotnet-operator-sdk/kubeops.html},
  urldate = {2023-04-19},
  year = {2021},
  organization = {buehler.github.io}
}

@book{koke_2023_bezpen,
  author = {Kokeš, Josef},
  edition = {BI-BEK},
  publisher = {České vysoké učení technické v Praze Fakulta informačních technologií: Katedra informační bezpečnosti},
  title = {Bezpečné použití kryptografie},
  year = {2023}
}

@book{mlejnek_2018_architektonick,
  author = {Mlejnek, Jiří},
  edition = {BI-SI1},
  publisher = {České vysoké učení technické v Praze Fakulta informačních technologií},
  title = {Architektonické vzory},
  year = {2018}
}

@book{fesl_2021_aplikan,
  author = {Fesl, Jan},
  edition = {BI-PSI},
  publisher = {České vysoké učení technické v Praze Fakulta informačních technologií: Katedra počítačových systémů},
  title = {Aplikační vrstva, protokoly a služby},
  year = {2021}
}

@misc{amoany_2020_getting,
  author = {Amoany, Evans},
  month = {06},
  title = {Getting started with socat, a multipurpose relay tool for Linux},
  url = {https://www.redhat.com/sysadmin/getting-started-socat},
  urldate = {2023-04-12},
  year = {2020},
  organization = {Enable Sysadmin}
}

@misc{hayashi_2019_multuscni,
  author = {Hayashi, Tomofumi},
  month = {04},
  title = {Multus-CNI},
  url = {https://github.com/k8snetworkplumbingwg/multus-cni},
  urldate = {2023-03-28},
  year = {2019},
  organization = {GitHub}
}

@misc{cncfcloudnativecomputingfoundation_2020_tutorial,
  author = {Cloud Native Computing Foundation},
  title = {Tutorial: Zero to Operator in 90 Minutes! - Solly Ross, Google},
  url = {https://youtu.be/KBTXBUVNF2I},
  urldate = {2023-03-27},
  year = {2020},
  organization = {youtube.com}
}